
@article{latex-main,
      author = {ProjectLaTex},
      title = {LaTeX, a document preparation system},
      year = {accessed in 09/03/2017},
      journal = {\url{https://www.latex-project.org/}}
}

